<?xml version="1.0" encoding="UTF-8"?><collection xmlns="http://www.loc.gov/MARC21/slim"><record><leader>00328nam--2200133-i-4500</leader><controlfield tag="001">000032118</controlfield><controlfield tag="002">20161230</controlfield><controlfield tag="005">20161230201039</controlfield><controlfield tag="008">060222s1000------------r-----000-0-eng-d</controlfield><datafield ind1=" " ind2=" " tag="100"><subfield code="a">Sondak, Norman</subfield></datafield><datafield ind1=" " ind2=" " tag="245"><subfield code="a">Mallach, efrem</subfield></datafield><datafield ind1=" " ind2=" " tag="260"><subfield code="a">Micro-programming</subfield></datafield><datafield ind1=" " ind2=" " tag="490"><subfield code="a">Waltham, Artech House, Inc., 1977. Xi+383p</subfield></datafield><datafield ind1=" " ind2=" " tag="852"><subfield code="a">519.683</subfield></datafield></record></collection>